@article{shi2016edge,
  title={Edge computing: Vision and challenges},
  author={Shi, Weisong and Cao, Jie and Zhang, Quan and Li, Youhuizi and Xu, Lanyu},
  journal={IEEE internet of things journal},
  volume={3},
  number={5},
  pages={637--646},
  year={2016},
  publisher={Ieee}
}

@article{verma2017survey,
  title={A survey on network methodologies for real-time analytics of massive IoT data and open research issues},
  author={Verma, Shikhar and Kawamoto, Yuichi and Fadlullah, Zubair Md and Nishiyama, Hiroki and Kato, Nei},
  journal={IEEE Communications Surveys \& Tutorials},
  volume={19},
  number={3},
  pages={1457--1477},
  year={2017},
  publisher={IEEE}
}

@article{varghese2016challenges,
  title={Challenges and opportunities in edge computing},
  author={Varghese, Blesson and Wang, Nan and Barbhuiya, Sakil and Kilpatrick, Peter and Nikolopoulos, Dimitrios S},
  booktitle={2016 IEEE international conference on smart cloud (SmartCloud)},
  pages={20--26},
  year={2016},
  organization={IEEE}
}

@article{khan2019edge,
  title={Edge computing: A survey},
  author={Khan, Wazir Zada and Ahmed, Ejaz and Hakak, Saqib and Yaqoob, Ibrar and Ahmed, Arif},
  journal={Future Generation Computer Systems},
  volume={97},
  pages={219--235},
  year={2019},
  publisher={Elsevier}
}

@article{mao2017survey,
  title={A survey on mobile edge computing: The communication perspective},
  author={Mao, Yuyi and You, Changsheng and Zhang, Jun and Huang, Kaibin and Letaief, Khaled B},
  journal={IEEE communications surveys \& tutorials},
  volume={19},
  number={4},
  pages={2322--2358},
  year={2017},
  publisher={IEEE}
}

@article{liu2019survey,
  title={A survey on edge computing systems and tools},
  author={Liu, Fang and Tang, Guoming and Li, Youhuizi and Cai, Zhiping and Zhang, Xingzhou and Zhou, Tongqing},
  journal={Proceedings of the IEEE},
  volume={107},
  number={8},
  pages={1537--1562},
  year={2019},
  publisher={IEEE}
}

@article{yu2017survey,
  title={A survey on the edge computing for the Internet of Things},
  author={Yu, Wei and Liang, Fan and He, Xiaofei and Hatcher, William Grant and Lu, Chao and Lin, Jie and Yang, Xinyu},
  journal={IEEE access},
  volume={6},
  pages={6900--6919},
  year={2017},
  publisher={IEEE}
}

@article{varghese2021survey,
  title={A survey on edge performance benchmarking},
  author={Varghese, Blesson and Wang, Nan and Bermbach, David and Hong, Cheol-Ho and Lara, Eyal De and Shi, Weisong and Stewart, Christopher},
  journal={ACM Computing Surveys (CSUR)},
  volume={54},
  number={3},
  pages={1--33},
  year={2021},
  publisher={ACM New York, NY, USA}
}

@article{li2022inference,
  title={Inference latency prediction at the edge},
  author={Li, Zhuojin and Paolieri, Marco and Golubchik, Leana},
  journal={arXiv preprint arXiv:2210.02620},
  year={2022}
}

@article{varghese2020survey,
  title={A survey on edge benchmarking},
  author={Varghese, Blesson and Wang, Nan and Bermbach, David and Hong, Cheol-Ho and de Lara, Eyal and Shi, Weisong and Stewart, Christopher},
  journal={arXiv preprint arXiv:2004.11725},
  year={2020}
}

@article{das2018edgebench,
  title={Edgebench: Benchmarking edge computing platforms},
  author={Das, Anirban and Patterson, Stacy and Wittie, Mike},
  booktitle={2018 IEEE/ACM International Conference on Utility and Cloud Computing Companion (UCC Companion)},
  pages={175--180},
  year={2018},
  organization={IEEE}
}

@article{zhang2021nn,
  title={Nn-meter: Towards accurate latency prediction of deep-learning model inference on diverse edge devices},
  author={Zhang, Li Lyna and Han, Shihao and Wei, Jianyu and Zheng, Ningxin and Cao, Ting and Yang, Yuqing and Liu, Yunxin},
  booktitle={Proceedings of the 19th Annual International Conference on Mobile Systems, Applications, and Services},
  pages={81--93},
  year={2021}
}

@article{sonmez2018edgecloudsim,
  title={Edgecloudsim: An environment for performance evaluation of edge computing systems},
  author={Sonmez, Cagatay and Ozgovde, Atay and Ersoy, Cem},
  journal={Transactions on Emerging Telecommunications Technologies},
  volume={29},
  number={11},
  pages={e3493},
  year={2018},
  publisher={Wiley Online Library}
}

@article{urgaonkar2015dynamic,
  title={Dynamic service migration and workload scheduling in edge-clouds},
  author={Urgaonkar, Rahul and Wang, Shiqiang and He, Ting and Zafer, Murtaza and Chan, Kevin and Leung, Kin K},
  journal={Performance Evaluation},
  volume={91},
  pages={205--228},
  year={2015},
  publisher={Elsevier}
}

@article{meng2019online,
  title={Online deadline-aware task dispatching and scheduling in edge computing},
  author={Meng, Jiaying and Tan, Haisheng and Li, Xiang-Yang and Han, Zhenhua and Li, Bojie},
  journal={IEEE Transactions on Parallel and Distributed Systems},
  volume={31},
  number={6},
  pages={1270--1286},
  year={2019},
  publisher={IEEE}
}

@article{han2019ondisc,
  title={OnDisc: Online latency-sensitive job dispatching and scheduling in heterogeneous edge-clouds},
  author={Han, Zhenhua and Tan, Haisheng and Li, Xiang-Yang and Jiang, Shaofeng H-C and Li, Yupeng and Lau, Francis CM},
  journal={IEEE/ACM Transactions on Networking},
  volume={27},
  number={6},
  pages={2472--2485},
  year={2019},
  publisher={IEEE}
}

@article{刘通2021边缘计算中任务卸载研究综述,
  title={边缘计算中任务卸载研究综述},
  author={刘通 and 方璐 and 高洪皓},
  journal={计算机科学},
  volume={48},
  number={1},
  pages={11--15},
  year={2021}
}

@article{chowdhury2019co,
  title={The co-evolution of cloud and IoT applications: Recent and future trends},
  author={Chowdhury, Abdullahi and Karmakar, Gour and Kamruzzaman, Joarder},
  booktitle={Handbook of Research on the IoT, Cloud Computing, and Wireless Network Optimization},
  pages={213--234},
  year={2019},
  publisher={IGI Global}
}

@article{zwolenski2014digital,
  title={The digital universe: Rich data and the increasing value of the internet of things},
  author={Zwolenski, Matt and Weatherill, Lee},
  journal={Journal of Telecommunications and the Digital Economy},
  volume={2},
  number={3},
  pages={47--1},
  year={2014}
}

@article{施巍松2019边缘计算,
  title={边缘计算: 现状与展望},
  author={施巍松 and 张星洲 and 王一帆 and 张庆阳},
  journal={计算机研究与发展},
  volume={56},
  number={1},
  pages={69--89},
  year={2019}
}

@article{jia2017edge,
  title={Edge computing-based intelligent manhole cover management system for smart cities},
  author={Jia, Gangyong and Han, Guangjie and Rao, Huanle and Shu, Lei},
  journal={IEEE Internet of Things Journal},
  volume={5},
  number={3},
  pages={1648--1656},
  year={2017},
  publisher={IEEE}
}

@article{lin2016real,
  title={A real-time en-route route guidance decision scheme for transportation-based cyberphysical systems},
  author={Lin, Jie and Yu, Wei and Yang, Xinyu and Yang, Qingyu and Fu, Xinwen and Zhao, Wei},
  journal={IEEE Transactions on Vehicular Technology},
  volume={66},
  number={3},
  pages={2551--2566},
  year={2016},
  publisher={IEEE}
}

@article{mohamed2017smartcityware,
  title={SmartCityWare: A service-oriented middleware for cloud and fog enabled smart city services},
  author={Mohamed, Nader and Al-Jaroodi, Jameela and Jawhar, Imad and Lazarova-Molnar, Sanja and Mahmoud, Sara},
  journal={Ieee Access},
  volume={5},
  pages={17576--17588},
  year={2017},
  publisher={IEEE}
}

@article{mallapuram2017smart,
  title={Smart city: The state of the art, datasets, and evaluation platforms},
  author={Mallapuram, Sriharsha and Ngwum, Nnatubemugo and Yuan, Fang and Lu, Chao and Yu, Wei},
  booktitle={2017 IEEE/ACIS 16th International Conference on Computer and Information Science (ICIS)},
  pages={447--452},
  year={2017},
  organization={IEEE}
}

@article{dalla2017using,
  title={Using smart city data in 5G self-organizing networks},
  author={Dalla Cia, Massimo and Mason, Federico and Peron, Davide and Chiariotti, Federico and Polese, Michele and Mahmoodi, Toktam and Zorzi, Michele and Zanella, Andrea},
  journal={IEEE Internet of Things Journal},
  volume={5},
  number={2},
  pages={645--654},
  year={2017},
  publisher={IEEE}
}

@article{peres2018idarts,
  title={IDARTS--Towards intelligent data analysis and real-time supervision for industry 4.0},
  author={Peres, Ricardo Silva and Rocha, Andre Dionisio and Leitao, Paulo and Barata, Jose},
  journal={Computers in industry},
  volume={101},
  pages={138--146},
  year={2018},
  publisher={Elsevier}
}

@article{zhang2017self,
  title={Self-organizing manufacturing: Current status and prospect for Industry 4.0},
  author={Zhang, Jiangming and Yao, Xifan and Zhou, Jiajun and Jiang, Jingfa and Chen, Xinzhun},
  booktitle={2017 5th international conference on enterprise systems (ES)},
  pages={319--326},
  year={2017},
  organization={IEEE}
}

@article{mohamed2019leveraging,
  title={Leveraging the capabilities of industry 4.0 for improving energy efficiency in smart factories},
  author={Mohamed, Nader and Al-Jaroodi, Jameela and Lazarova-Molnar, Sanja},
  journal={Ieee Access},
  volume={7},
  pages={18008--18020},
  year={2019},
  publisher={IEEE}
}

@article{yan2017industrial,
  title={Industrial big data in an industry 4.0 environment: Challenges, schemes, and applications for predictive maintenance},
  author={Yan, Jihong and Meng, Yue and Lu, Lei and Li, Lin},
  journal={Ieee Access},
  volume={5},
  pages={23484--23491},
  year={2017},
  publisher={IEEE}
}

@article{yin2015big,
  title={Big data for modern industry: challenges and trends [point of view]},
  author={Yin, Shen and Kaynak, Okyay},
  journal={Proceedings of the IEEE},
  volume={103},
  number={2},
  pages={143--146},
  year={2015},
  publisher={IEEE}
}

@article{黄倩怡2020智能家居中的边缘计算,
  title={智能家居中的边缘计算},
  author={黄倩怡 and 李志洋 and 谢文涛 and 张黔},
  journal={计算机研究与发展},
  volume={57},
  number={09},
  pages={1800--1809},
  year={2020}
}

@article{savio2018smart,
  title={Smart street furniture: innovation in the concept design process},
  author={Savio, Lorenzo and Cocina, Grazia and Gariano, Roberta and Giampetruzzi, Federico and Pagani, Roberto and Pedrazzo, Marco Maria and Pennacchio, Roberto},
  booktitle={Advances in Human Factors, Sustainable Urban Planning and Infrastructure: Proceedings of the AHFE 2017 International Conference on Human Factors, Sustainable Urban Planning and Infrastructure, July 17- 21, 2017, The Westin Bonaventure Hotel, Los Angeles, California, USA 8},
  pages={163--175},
  year={2018},
  organization={Springer}
}

@article{krejcar2020technology,
  title={Technology Analysis of Global Smart Furniture Development Using Patent Data},
  author={Krejcar, Ondrej and Maresova, Petra and Brida, Peter and Barakovic, Sabina and Husic, Jasmina Barakovic and Kuca, Kamil and Selamat, Ali},
  booktitle={2020 ELEKTRO},
  pages={1--6},
  year={2020},
  organization={IEEE}
}

@article{shafi20175g,
  title={5G: A tutorial overview of standards, trials, challenges, deployment, and practice},
  author={Shafi, Mansoor and Molisch, Andreas F and Smith, Peter J and Haustein, Thomas and Zhu, Peiying and De Silva, Prasan and Tufvesson, Fredrik and Benjebbour, Anass and Wunder, Gerhard},
  journal={IEEE journal on selected areas in communications},
  volume={35},
  number={6},
  pages={1201--1221},
  year={2017},
  publisher={IEEE}
}

@article{xie2021serverless,
  title={When serverless computing meets edge computing: Architecture, challenges, and open issues},
  author={Xie, Renchao and Tang, Qinqin and Qiao, Shi and Zhu, Han and Yu, F Richard and Huang, Tao},
  journal={IEEE Wireless Communications},
  volume={28},
  number={5},
  pages={126--133},
  year={2021},
  publisher={IEEE}
}

@article{zhang2010cloud,
  title={Cloud computing: state-of-the-art and research challenges},
  author={Zhang, Qi and Cheng, Lu and Boutaba, Raouf},
  journal={Journal of internet services and applications},
  volume={1},
  pages={7--18},
  year={2010},
  publisher={Springer}
}

@article{xiong2018extend,
  title={Extend cloud to edge with kubeedge},
  author={Xiong, Ying and Sun, Yulin and Xing, Li and Huang, Ying},
  booktitle={2018 IEEE/ACM Symposium On Edge Computing (SEC)},
  pages={373--377},
  year={2018},
  organization={IEEE}
}

@article{cooke2020model,
  title={A model for distributed in-network and near-edge computing with heterogeneous hardware},
  author={Cooke, Ryan A and Fahmy, Suhaib A},
  journal={Future Generation Computer Systems},
  volume={105},
  pages={395--409},
  year={2020},
  publisher={Elsevier}
}

@article{barbalace2020edge,
  title={Edge computing: The case for heterogeneous-ISA container migration},
  author={Barbalace, Antonio and Karaoui, Mohamed L and Wang, Wei and Xing, Tong and Olivier, Pierre and Ravindran, Binoy},
  booktitle={Proceedings of the 16th ACM SIGPLAN/SIGOPS International Conference on Virtual Execution Environments},
  pages={73--87},
  year={2020}
}

@article{china-ai-computing-power-2022,
  title={2022-2023中国人工智能计算力发展评估报告},
  author={Inspur},
  journal={Inspur AI Research},
  year={2022},
  month={December},
  url={https://www.inspur.com/lcjtww/resource/cms%20/article/2448319/2734787/2022122601.pdf},
  urldate={2023-11-11}
}

@article{deng2020edge,
  title={Edge intelligence: The confluence of edge computing and artificial intelligence},
  author={Deng, Shuiguang and Zhao, Hailiang and Fang, Weijia and Yin, Jianwei and Dustdar, Schahram and Zomaya, Albert Y},
  journal={IEEE Internet of Things Journal},
  volume={7},
  number={8},
  pages={7457--7469},
  year={2020},
  publisher={IEEE}
}

@article{gill2025edge,
  title={Edge AI: A taxonomy, systematic review and future directions},
  author={Gill, Sukhpal Singh and Golec, Muhammed and Hu, Jianmin and Xu, Minxian and Du, Junhui and Wu, Huaming and Walia, Guneet Kaur and Murugesan, Subramaniam Subramanian and Ali, Babar and Kumar, Mohit and others},
  journal={Cluster Computing},
  volume={28},
  number={1},
  pages={1--53},
  year={2025},
  publisher={Springer}
}

@book{jensen2019beginning,
  title={Beginning Azure IoT Edge computing: extending the cloud to the intelligent edge},
  author={Jensen, David},
  year={2019},
  publisher={Apress}
}

@misc{openyurt2023,
  title = {OpenYurt},
  author = {{Alibaba}},
  howpublished = {\url{https://github.com/alibaba/openyurt}},
  note = {[Online]},
}

@misc{baetyl2023,
  title        = {Baetyl},
  author       = {Baidu},
  howpublished = {\url{https://github.com/baetyl/baetyl}},
  note         = {[Online]},
}

@misc{kubernetes,
  title        = {Kubernetes},
  howpublished = {\url{https://kubernetes.io/}},
  note         = {[Online]}
}

@misc{dockerswarm,
  title        = {Docker Swarm},
  howpublished = {\url{https://docs.docker.com/engine/swarm/}},
  note         = {[Online]}
}

@inproceedings{fogli2021performance,
  title={Performance evaluation of kubernetes distributions (k8s, k3s, kubeedge) in an adaptive and federated cloud infrastructure for disadvantaged tactical networks},
  author={Fogli, Mattia and Kudla, Thomas and Musters, Bram and Pingen, Geert and Van den Broek, Casper and Bastiaansen, Harrie and Suri, Niranjan and Webb, Sean},
  booktitle={2021 International Conference on Military Communication and Information Systems (ICMCIS)},
  pages={1--7},
  year={2021},
  organization={IEEE}
}

@inproceedings{haja2019sharpening,
  title={Sharpening kubernetes for the edge},
  author={Haja, David and Szalay, Mark and Sonkoly, Balazs and Pongracz, Gergely and Toka, Laszlo},
  booktitle={Proceedings of the ACM SIGCOMM 2019 Conference Posters and Demos},
  pages={136--137},
  year={2019}
}

@inproceedings{huang2019design,
  title={Design and implementation of an edge computing platform architecture using Docker and Kubernetes for machine learning},
  author={Huang, Yuzhou and Cai, Kaiyu and Zong, Ran and Mao, Yugang},
  booktitle={Proceedings of the 3rd International Conference on High Performance Compilation, Computing and Communications},
  pages={29--32},
  year={2019}
}

@article{dupont2017edge,
  title={Edge computing in IoT context: Horizontal and vertical Linux container migration},
  author={Dupont, Corentin and Giaffreda, Raffaele and Capra, Luca},
  booktitle={2017 Global Internet of Things Summit (GIoTS)},
  pages={1--4},
  year={2017},
  organization={IEEE}
}

@article{wang2020kubeedge,
  title={Kubeedge. ai: Ai platform for edge devices},
  author={Wang, Sean and Hu, Yuxiao and Wu, Jason},
  journal={arXiv preprint arXiv:2007.09227},
  year={2020}
}

@article{goethals2019fledge,
  title={Fledge: Kubernetes compatible container orchestration on low-resource edge devices},
  author={Goethals, Tom and De Turck, Filip and Volckaert, Bruno},
  booktitle={International conference on internet of vehicles},
  pages={174--189},
  year={2019},
  organization={Springer}
}

@article{han2021tailored,
  title={Tailored learning-based scheduling for kubernetes-oriented edge-cloud system},
  author={Han, Yiwen and Shen, Shihao and Wang, Xiaofei and Wang, Shiqiang and Leung, Victor CM},
  booktitle={IEEE INFOCOM 2021-IEEE conference on computer communications},
  pages={1--10},
  year={2021},
  organization={IEEE}
}

@article{deng2024cloud,
  title={Cloud-native computing: A survey from the perspective of services},
  author={Deng, Shuiguang and Zhao, Hailiang and Huang, Binbin and Zhang, Cheng and Chen, Feiyi and Deng, Yinuo and Yin, Jianwei and Dustdar, Schahram and Zomaya, Albert Y},
  journal={Proceedings of the IEEE},
  year={2024},
  publisher={IEEE}
}

@article{kratzke2017understanding,
  title={Understanding cloud-native applications after 10 years of cloud computing-a systematic mapping study},
  author={Kratzke, Nane and Quint, Peter-Christian},
  journal={Journal of Systems and Software},
  volume={126},
  pages={1--16},
  year={2017},
  publisher={Elsevier}
}

@article{salem2023toward,
  title={Toward inference delivery networks: Distributing machine learning with optimality guarantees},
  author={Salem, Tareq Si and Castellano, Gabriele and Neglia, Giovanni and Pianese, Fabio and Araldo, Andrea},
  journal={IEEE/ACM Transactions on Networking},
  year={2023},
  publisher={IEEE}
}

@article{崔玉亚2021一种面向移动边缘计算的多用户细粒度任务卸载调度方法,
  title={一种面向移动边缘计算的多用户细粒度任务卸载调度方法},
  author={崔玉亚 and 张德干 and 张婷 and 杨鹏 and 朱浩丽},
  journal={电子学报},
  volume={49},
  number={11},
  pages={2202--2207},
  year={2021}
}

@article{邝祝芳2022基于深度强化学习的多用户边缘计算任务卸载调度与资源分配算法,
  title={基于深度强化学习的多用户边缘计算任务卸载调度与资源分配算法},
  author={邝祝芳 and 陈清林 and 李林峰 and 邓晓衡 and 陈志刚},
  journal={计算机学报},
  volume={45},
  number={4},
  pages={812--824},
  year={2022}
}

@article{郑守建2022一种基于综合匹配度的边缘计算系统任务调度方法,
  title={一种基于综合匹配度的边缘计算系统任务调度方法},
  author={郑守建 and 彭晓晖 and 王一帆 and 任祖杰 and 高丰},
  journal={计算机学报},
  volume={45},
  number={3},
  pages={485--499},
  year={2022}
}

@article{张斐斐2023边缘计算中协作计算卸载与动态任务调度,
  title={边缘计算中协作计算卸载与动态任务调度},
  author={张斐斐 and 葛季栋 and 李忠金 and 黄子峰 and 张胜 and 陈兴国 and 骆斌},
  journal={软件学报},
  volume={34},
  number={12},
  pages={5737--5756},
  year={2023}
}

@article{吴大鹏2018端,
  title={“端—边—云” 协同的智慧物联网},
  author={吴大鹏 and 张普宁 and 王汝言},
  journal={物联网学报},
  volume={2},
  number={3},
  pages={21--28},
  year={2018}
}


@article{satyanarayanan2017emergence,
  title={The emergence of edge computing},
  author={Satyanarayanan, Mahadev},
  journal={Computer},
  volume={50},
  number={1},
  pages={30--39},
  year={2017},
  publisher={IEEE}
}

@article{li2020elastic,
  title={Elastic edge cloud resource management based on horizontal and vertical scaling},
  author={Li, Chunlin and Tang, Jianhang and Luo, Youlong},
  journal={The Journal of Supercomputing},
  volume={76},
  pages={7707--7732},
  year={2020},
  publisher={Springer}
}

@article{shan2024kces,
  title={KCES: a workflow containerization scheduling scheme under cloud-edge collaboration framework},
  author={Shan, Chenggang and Gao, Runze and Han, Qinghua and Liu, Tian and Yang, Zhen and Zhang, Jinhui and Xia, Yuanqing},
  journal={IEEE Internet of Things Journal},
  year={2024},
  publisher={IEEE}
}

@article{李波2021基于软件定义网络的云边协同架构研究综述,
  title={基于软件定义网络的云边协同架构研究综述},
  author={李波 and 侯鹏 and 牛力 and 武浩 and 丁洪伟},
  journal={计算机工程与科学},
  volume={43},
  number={02},
  pages={242},
  year={2021}
}

@inproceedings{teerapittayanon2017distributed,
  title={Distributed deep neural networks over the cloud, the edge and end devices},
  author={Teerapittayanon, Surat and McDanel, Bradley and Kung, Hsiang-Tsung},
  booktitle={2017 IEEE 37th international conference on distributed computing systems (ICDCS)},
  pages={328--339},
  year={2017},
  organization={IEEE}
}

@article{liu2023adaptive,
  title={An adaptive DNN inference acceleration framework with end--edge--cloud collaborative computing},
  author={Liu, Guozhi and Dai, Fei and Xu, Xiaolong and Fu, Xiaodong and Dou, Wanchun and Kumar, Neeraj and Bilal, Muhammad},
  journal={Future Generation Computer Systems},
  volume={140},
  pages={422--435},
  year={2023},
  publisher={Elsevier}
}

@article{kim2023local,
  title={Local scheduling in kubeedge-based edge computing environment},
  author={Kim, Seong-Hyun and Kim, Taehong},
  journal={Sensors},
  volume={23},
  number={3},
  pages={1522},
  year={2023},
  publisher={MDPI}
}

@inproceedings{pei2024cloud,
  title={A Cloud-Edge Collaborative System for Object Detection Based on KubeEdge},
  author={Pei, Yifan and Yuan, Peiyan and Zhao, Xiaoyan and Zhang, Haojuan},
  booktitle={2024 27th International Conference on Computer Supported Cooperative Work in Design (CSCWD)},
  pages={248--253},
  year={2024},
  organization={IEEE}
}

@article{duan2022distributed,
  title={Distributed artificial intelligence empowered by end-edge-cloud computing: A survey},
  author={Duan, Sijing and Wang, Dan and Ren, Ju and Lyu, Feng and Zhang, Ye and Wu, Huaqing and Shen, Xuemin},
  journal={IEEE Communications Surveys \& Tutorials},
  volume={25},
  number={1},
  pages={591--624},
  year={2022},
  publisher={IEEE}
}

@article{ding2020cloud,
  title={A cloud-edge collaboration framework for cognitive service},
  author={Ding, Chuntao and Zhou, Ao and Liu, Yunxin and Chang, Rong N and Hsu, Ching-Hsien and Wang, Shangguang},
  journal={IEEE Transactions on Cloud Computing},
  volume={10},
  number={3},
  pages={1489--1499},
  year={2020},
  publisher={IEEE}
}

@article{gu2023ai,
  title={AI-Enhanced Cloud-Edge-Terminal Collaborative Network: Survey, Applications, and Future Directions},
  author={Gu, Huixian and Zhao, Liqiang and Han, Zhu and Zheng, Gan and Song, Shenghui},
  journal={IEEE Communications Surveys \& Tutorials},
  year={2023},
  publisher={IEEE}
}

@article{wang2024end,
  title={End-edge-cloud collaborative computing for deep learning: A comprehensive survey},
  author={Wang, Yingchao and Yang, Chen and Lan, Shulin and Zhu, Liehuang and Zhang, Yan},
  journal={IEEE Communications Surveys \& Tutorials},
  year={2024},
  publisher={IEEE}
}

@article{pan2024cloud,
  title={Cloud-Edge Collaborative Large Model Services: Challenges and Solutions},
  author={Pan, Yanghe and Su, Zhou and Wang, Yuntao and Guo, Shaolong and Liu, Han and Li, Ruidong and Wu, Yuan},
  journal={IEEE Network},
  year={2024},
  publisher={IEEE}
}

@article{lingayya2024dynamic,
  title={Dynamic task offloading for resource allocation and privacy-preserving framework in Kubeedge-based edge computing using machine learning},
  author={Lingayya, Sadananda and Jodumutt, Sathyendra Bhat and Pawar, Sanjay Rangrao and Vylala, Anoop and Chandrasekaran, Senthilkumar},
  journal={Cluster Computing},
  volume={27},
  number={7},
  pages={9415--9431},
  year={2024},
  publisher={Springer}
}

@article{olston2017tensorflow,
  title={Tensorflow-serving: Flexible, high-performance ml serving},
  author={Olston, Christopher and Fiedel, Noah and Gorovoy, Kiril and Harmsen, Jeremiah and Lao, Li and Li, Fangwei and Rajashekhar, Vinu and Ramesh, Sukriti and Soyke, Jordan},
  journal={arXiv preprint arXiv:1712.06139},
  year={2017}
}

@article{chappell2015introducing,
  title={Introducing azure machine learning},
  author={Chappell, David},
  journal={A guide for technical professionals, sponsored by microsoft corporation},
  year={2015}
}

@inproceedings{crankshaw2017clipper,
  title={Clipper: A $\{$Low-Latency$\}$ online prediction serving system},
  author={Crankshaw, Daniel and Wang, Xin and Zhou, Guilio and Franklin, Michael J and Gonzalez, Joseph E and Stoica, Ion},
  booktitle={14th USENIX Symposium on Networked Systems Design and Implementation (NSDI 17)},
  pages={613--627},
  year={2017}
}

@incollection{mao2019learning,
  title={Learning scheduling algorithms for data processing clusters},
  author={Mao, Hongzi and Schwarzkopf, Malte and Venkatakrishnan, Shaileshh Bojja and Meng, Zili and Alizadeh, Mohammad},
  booktitle={Proceedings of the ACM special interest group on data communication},
  pages={270--288},
  year={2019}
}

@article{romero2019infaas,
  title={Infaas: Managed \& model-less inference serving},
  author={Romero, Francisco and Li, Qian and Yadwadkar, Neeraja J and Kozyrakis, Christos},
  journal={arXiv preprint arXiv:1905.13348},
  year={2019}
}

@inproceedings{crankshaw2020inferline,
  title={InferLine: latency-aware provisioning and scaling for prediction serving pipelines},
  author={Crankshaw, Daniel and Sela, Gur-Eyal and Mo, Xiangxi and Zumar, Corey and Stoica, Ion and Gonzalez, Joseph and Tumanov, Alexey},
  booktitle={Proceedings of the 11th ACM Symposium on Cloud Computing},
  pages={477--491},
  year={2020}
}

@inproceedings{lane2016deepx,
  title={Deepx: A software accelerator for low-power deep learning inference on mobile devices},
  author={Lane, Nicholas D and Bhattacharya, Sourav and Georgiev, Petko and Forlivesi, Claudio and Jiao, Lei and Qendro, Lorena and Kawsar, Fahim},
  booktitle={2016 15th ACM/IEEE International Conference on Information Processing in Sensor Networks (IPSN)},
  pages={1--12},
  year={2016},
  organization={IEEE}
}